<record><leader>00000cas a22000007a 4500</leader><controlfield tag="001">19273430</controlfield><controlfield tag="008">890227d187u187ualuwr ne      0    0eng d</controlfield><datafield ind1=" " ind2=" " tag="010"><subfield code="a">sn 89050008 </subfield></datafield><datafield ind1=" " ind2=" " tag="040"><subfield code="a">CPN</subfield><subfield code="b">eng</subfield><subfield code="c">CPN</subfield><subfield code="d">OCLCQ</subfield></datafield><datafield ind1=" " ind2=" " tag="042"><subfield code="a">msc</subfield></datafield><datafield ind1="0" ind2="0" tag="245"><subfield code="a">Dadeville weekly head light.</subfield></datafield><datafield ind1=" " ind2=" " tag="260"><subfield code="a">Dadeville, Ala. :</subfield><subfield code="b">S. Dennis, Jr. &amp; Co.</subfield></datafield><datafield ind1=" " ind2=" " tag="300"><subfield code="a">v.</subfield></datafield><datafield ind1=" " ind2=" " tag="310"><subfield code="a">Weekly</subfield></datafield><datafield ind1=" " ind2=" " tag="588"><subfield code="a">Description based on: Vol. 1, no. 50 (Dec. 4, 1873).</subfield></datafield><datafield ind1=" " ind2=" " tag="752"><subfield code="a">United States</subfield><subfield code="b">Alabama</subfield><subfield code="c">Tallapoosa</subfield><subfield code="d">Dadeville.</subfield></datafield><datafield ind1="0" ind2="0" tag="780"><subfield code="t">East Alabama head light</subfield><subfield code="w">(DLC)sn 85033055</subfield></datafield><datafield ind1="0" ind2="7" tag="785"><subfield code="t">Tallapoosa news</subfield><subfield code="w">(DLC)sn 85044777</subfield></datafield><datafield ind1="0" ind2="7" tag="785"><subfield code="t">Dadeville weekly head light and news</subfield><subfield code="w">(DLC)sn 84023465</subfield></datafield></record>